1643 2823
1228 183 1285 226 77

618 253 680 301 D.
716 249 770 300 M

589 333 834 386 IRENES

487 420 916 473 LANIPENDAE

490 508 557 559 V.
593 507 657 556 A.
696 505 917 557 XXXIII
958 509 960 512 ’

578 590 833 642 OLYPVS

440 674 983 730 CONTVBERNALIS

629 759 828 812 FECIT

222 938 297 989 De
331 937 457 987 lana
506 935 558 984 in
593 933 786 983 lanariis
820 930 1105 980 Latinorum
1137 948 1351 989 emenus,

90 1033 278 1092 praeter
332 1038 475 1088 supra
531 1024 898 1067 commemorata
924 1051 938 1075 ,
988 1015 1108 1066 haec
1159 1014 1358 1064 diducta

89 1110 286 1160 nomina
319 1107 570 1156 hactemus
622 1104 922 1169 accepimus.
974 1102 1359 1153 Lanistaturam

80 1194 268 1263 faeere
305 1202 376 1241 est
429 1193 481 1240 in
518 1189 644 1241 Tab.
695 1188 888 1237 Heracl.
946 1188 1067 1254 (1),
1121 1189 1254 1266 quod
1287 1199 1360 1239 est

90 1281 344 1328 lanariam
380 1291 664 1332 exercer33
703 1282 751 1322 et
798 1273 1034 1338 lanfficus
1059 1310 1076 1336 ,
1132 1284 1180 1323 et
1214 1274 1350 1324 lani-

73 1365 169 1433 fer·
193 1400 208 1424 ‚
271 1371 319 1411 et
349 1363 554 1426 laniger
580 1394 595 1418 .,
631 1369 680 1410 et
696 1360 976 1423 lanfficium
1001 1397 1011 1418 ,
1049 1370 1096 1410 et
1128 1361 1359 1422 ῑαηὶεἰεε,

90 1459 140 1499 et
174 1448 404 1499 lanitium
427 1484 437 1503 ‚
477 1453 524 1494 et
560 1445 806 1506 lanatu83
843 1454 889 1494 et
911 1446 1038 1496 nihil
1072 1447 1268 1497 demum
1293 1446 1358 1496 ad

93 1533 273 1582 lanam
304 1531 578 1597 pertinens,
639 1531 770 1598 quod
827 1547 928 1579 non
991 1532 1168 1582 lanam
1200 1534 1360 1599 ipsam

91 1621 247 1687 prima
282 1618 401 1668 facie
436 1616 677 1666 obtrudat.
716 1614 849 1677 Quid
871 1633 1001 1665 nunc
1034 1618 1187 1670 Indae
1223 1633 1356 1670 com-

37 1710 46 1721 *
88 1721 239 1753 mune
274 1720 386 1753 cum
421 1704 596 1753 libra?
630 1702 733 1751 Hac
768 1700 1010 1769 siquidem
1061 1694 1350 1770 lan'ae'pen-

93 1788 309 1837 debatur.
352 1788 498 1851 Quasi
534 1807 635 1839 non
660 1797 707 1837 et
742 1786 875 1839 libra
900 1789 1069 1838 eadem
1103 1789 1358 1854 bubalina,

90 1874 263 1935 suilla,
299 1883 347 1923 et
381 1872 558 1925 bovilla
595 1874 922 1941 penderetur!
960 1872 1227 1926 Librariae
1263 1877 1355 1926 ita-

89 1980 184 2029 que
219 1962 325 2012 voci
359 1961 446 2010 alia
484 1964 671 2029 penitus
719 1979 744 2010 a
797 1958 1101 2025 Lanipenda
1136 1963 1354 2012 subiecta

91 2047 224 2094 notio
248 2064 258 2103 ;
295 2047 678 2113 mirandumque„
704 2062 792 2112 pro
817 2044 1093 2112 lanipenda
1128 2048 1359 2097 insertam

93 2148 121 2179 a
154 2129 392 2197 Calepino
414 2168 426 2189 ,
453 2131 724 2180 Facciolato
753 2166 770 2193 ‚
806 2140 852 2181 et
869 2130 1162 2181 Forcellinio
1200 2131 1361 2184 libra-

91 2219 205 2266 riae
243 2233 410 2267 vocem
431 2254 448 2278 ‚
485 2215 730 2266 Reinnesii
767 2216 1046 2271 auctoritate
1081 2216 1305 2270 inductos
1332 2254 1351 2281 ‚

96 2301 241 2351 immo
279 2304 441 2355 verius
477 2302 714 2353 seductos.

224 2456 291 2515 (ι)
320 2455 441 2503 Vers.
477 2454 552 2516 49.
