1643 2823
77 199 190 247 tur,
215 185 354 255 filius
375 183 550 235 Fabri.
598 180 704 231 Hoc
738 198 850 232 sane
886 197 1026 229 sensu
1063 180 1278 246 accipien
1315 184 1333 230 i

71 275 142 324 D.
179 273 310 322 Arta
338 309 348 329 ‚
386 281 434 319 et
469 269 722 330 Anteros,
749 280 799 317 et
840 266 1071 318 Phileros
1089 269 1334 317 Laterculi

71 356 316 408 cuiusdam
351 354 503 404 Mosei
527 353 790 403 Borbonici
811 391 827 416 ,
865 370 1075 420 quorum
1097 355 1332 420 cuiusque

69 441 255 491 nomini
289 438 447 488 addita
480 455 582 487 vox
613 437 800 487 Faber.
837 438 904 487 At
937 456 1037 489 non
1073 439 1139 486 ita
1167 439 1335 489 Later-

67 529 167 578 culi
201 527 410 575 eiusdem
445 525 515 573 D.
550 528 730 575 Arrius
783 525 943 575 dictus
994 525 1176 578 Pictor
1205 524 1337 577 idem

65 616 224 672 aedi,
262 631 406 679 quem
441 628 528 677 ego
561 612 716 661 habeo
751 630 842 679 pro
879 613 1082 662 aedium
1115 613 1330 678 pictore.

196 701 319 750 Mihi
352 717 505 766 prope
541 706 723 748 certum
751 735 762 756 ‚
813 699 866 746 in
913 699 1119 747 formula
1167 712 1335 749 nostra

62 787 258 834 minime
296 784 635 850 seiungendam
671 796 844 834 vocem
878 782 1078 846 Faber,
1112 795 1160 833 et
1211 785 1334 832 refe-

60 870 259 918 rendam
293 871 355 919 ad.
388 872 535 921 verba
573 890 606 922 a
630 871 906 922 Corinthiis
936 906 952 928 v
991 882 1046 919 ut
1079 870 1332 922 Lucrinus

58 955 231 1005 Faber
265 958 460 1006 omnino
497 958 705 1007 extiterit
758 955 1136 1007 Corinthiorum
1172 993 1188 1016 ,
1244 961 1332 1025 qui

58 1057 86 1086 a
120 1039 347 1090 Petronio
386 1044 503 1092 item
538 1053 586 1090 et
620 1041 791 1091 Faber
815 1080 825 1100 ‚
865 1054 912 1091 et
947 1042 1198 1093 Aerarius
1226 1081 1237 1101 ‚
1277 1054 1327 1092 et

57 1122 258 1192 Arte-‘fex
270 1138 589 1194 nuncupatus.
612 1127 695 1176 Sic
721 1127 884 1193 paullo
918 1145 1059 1194 supra
1093 1126 1326 1177 Iubatia-

55 1228 173 1260 num
208 1211 515 1262 Structorem
541 1213 972 1278 interpretabamur
993 1231 1030 1262 a
1057 1213 1176 1263 iuba
1194 1225 1326 1263 stru-

54 1306 240 1346 ctorem
284 1298 513 1365 exemplo
551 1298 642 1347 tuti
678 1313 712 1346 a
746 1299 920 1347 tutulis
957 1301 1249 1351 ornatricis.

599 1471 646 1532 ᾗ.
700 1468 765 1516 V.

370 1640 461 1690 DE
493 1640 636 1693 SCR.
676 1643 1003 1701 LIBRARIA.

186 1811 393 1860 Marmor
426 1813 547 1862 olim
581 1811 640 1860 ‹le
664 1814 827 1864 Museo
851 1816 1137 1870 Farnesiano
1158 1856 1173 1882 .,
1192 1839 1325 1877 nunc

53 1896 328 1947 Borbonico
355 1934 371 1958 ,
406 1900 738 1949 characterum
773 1902 929 1952 nitore
965 1906 1150 1973 insigne
1178 1944 1193 1968 ,
1243 1930 1319 1959 re-

46 1982 139 2028 fert
173 1982 403 2030 Gruterus
439 1983 542 2049 (a),
590 1995 637 2033 et
686 1998 795 2052 post
850 2007 959 2040 eum
993 1988 1260 2046 Fahrettius
1298 2033 1317 2059 ‚

55 2065 185 2130 quod
222 2067 312 2115 tale
350 2080 456 2115 est:
